<record><leader>00000cas a22000007a 4500</leader><controlfield tag="001">25703374</controlfield><controlfield tag="008">920424c19739999wyuwr ne      0    0eng d</controlfield><datafield ind1=" " ind2=" " tag="010"><subfield code="a">sn 92067032 </subfield></datafield><datafield ind1=" " ind2=" " tag="040"><subfield code="a">NVO</subfield><subfield code="b">eng</subfield><subfield code="c">NVO</subfield><subfield code="d">OCLCQ</subfield></datafield><datafield ind1=" " ind2=" " tag="042"><subfield code="a">msc</subfield></datafield><datafield ind1="0" ind2="0" tag="245"><subfield code="a">Sun country review.</subfield></datafield><datafield ind1="1" ind2="3" tag="246"><subfield code="a">Northern Wyoming daily news, sun country review</subfield></datafield><datafield ind1="1" ind2="3" tag="246"><subfield code="a">Sun country review and Big Horn Basin shoppers' guide</subfield></datafield><datafield ind1=" " ind2=" " tag="260"><subfield code="a">Worland, Wyo. :</subfield><subfield code="b">Northern Wyoming Daily News</subfield></datafield><datafield ind1=" " ind2=" " tag="300"><subfield code="a">v.</subfield></datafield><datafield ind1=" " ind2=" " tag="310"><subfield code="a">Weekly</subfield></datafield><datafield ind1="0" ind2=" " tag="362"><subfield code="a">Vol. 1, no. 1 (Oct. 11, 1973)-</subfield></datafield><datafield ind1=" " ind2=" " tag="515"><subfield code="a">Suspended Apr. 16, 1989-July 29, 1990 and Oct. 1990-Jan. 5, 1992?</subfield></datafield><datafield ind1=" " ind2=" " tag="580"><subfield code="a">Sunday supplement to Saturday issue of "Northern Wyoming daily news."</subfield></datafield><datafield ind1=" " ind2=" " tag="580"><subfield code="a">Absorbed: Big Horn Basin shoppers' guide, Oct. 1973.</subfield></datafield><datafield ind1=" " ind2="4" tag="651"><subfield code="a">Washakie County (Wyo.)</subfield><subfield code="v">Newspapers.</subfield></datafield><datafield ind1=" " ind2="4" tag="651"><subfield code="a">Big Horn County (Wyo.)</subfield><subfield code="v">Newspapers.</subfield></datafield><datafield ind1=" " ind2="4" tag="651"><subfield code="a">Park County (Wyo.)</subfield><subfield code="v">Newspapers.</subfield></datafield><datafield ind1=" " ind2="4" tag="651"><subfield code="a">Hot Springs County (Wyo.)</subfield><subfield code="v">Newspapers.</subfield></datafield><datafield ind1=" " ind2=" " tag="752"><subfield code="a">United States</subfield><subfield code="b">Wyoming</subfield><subfield code="c">Washakie</subfield><subfield code="d">Worland.</subfield></datafield><datafield ind1="1" ind2=" " tag="772"><subfield code="t">Northern Wyoming daily news</subfield><subfield code="w">(DLC)sn 90051713</subfield></datafield><datafield ind1="1" ind2="4" tag="780"><subfield code="t">Big Horn Basin shoppers' guide</subfield></datafield></record>